<record><leader>00000cas a22000007a 4500</leader><controlfield tag="001">20697142</controlfield><controlfield tag="008">891127d19141914ndudn ne      0   a0eng d</controlfield><datafield ind1=" " ind2=" " tag="010"><subfield code="a">sn 89074404 </subfield></datafield><datafield ind1=" " ind2=" " tag="040"><subfield code="a">NOP</subfield><subfield code="b">eng</subfield><subfield code="c">NOP</subfield><subfield code="d">OCLCQ</subfield><subfield code="d">DLC</subfield><subfield code="d">OCLCF</subfield><subfield code="d">DLC</subfield></datafield><datafield ind1="0" ind2=" " tag="022"><subfield code="a">2379-1160</subfield><subfield code="2">1</subfield></datafield><datafield ind1=" " ind2=" " tag="042"><subfield code="a">msc</subfield><subfield code="a">nsdp</subfield></datafield><datafield ind1=" " ind2=" " tag="043"><subfield code="a">n-us-nd</subfield></datafield><datafield ind1="0" ind2="0" tag="050"><subfield code="a">Newspaper</subfield></datafield><datafield ind1="0" ind2="0" tag="082"><subfield code="a">071</subfield><subfield code="2">23</subfield></datafield><datafield ind1=" " ind2="0" tag="222"><subfield code="a">Grand Forks daily herald and the evening times</subfield><subfield code="b">(Print)</subfield></datafield><datafield ind1="0" ind2="0" tag="245"><subfield code="a">Grand Forks daily herald and the evening times.</subfield></datafield><datafield ind1="1" ind2="3" tag="246"><subfield code="a">Daily herald</subfield></datafield><datafield ind1=" " ind2=" " tag="260"><subfield code="a">Grand Forks, N.D. :</subfield><subfield code="b">Times-Herald Pub. Co.</subfield></datafield><datafield ind1=" " ind2=" " tag="300"><subfield code="a">1 v. :</subfield><subfield code="b">ill. ;</subfield><subfield code="c">58 cm.</subfield></datafield><datafield ind1=" " ind2=" " tag="310"><subfield code="a">Daily (except Sun.)</subfield></datafield><datafield ind1="0" ind2=" " tag="362"><subfield code="a">Vol. 9, no. 76 (Mar. 30, 1914)-v. 9, no. 207 (Sept. 1, 1914).</subfield></datafield><datafield ind1=" " ind2=" " tag="500"><subfield code="a">Publisher's block title: Daily herald.</subfield></datafield><datafield ind1=" " ind2=" " tag="530"><subfield code="a">Archived issues are available in digital format from the Library of Congress Chronicling America online collection.</subfield></datafield><datafield ind1=" " ind2=" " tag="580"><subfield code="a">Morning ed.: Grand Forks daily herald (Grand Forks, N.D. : 1891), 1914.</subfield></datafield><datafield ind1=" " ind2=" " tag="580"><subfield code="a">Weekly ed.: Weekly times-herald (Grand Forks, N.D.), 1914.</subfield></datafield><datafield ind1=" " ind2="0" tag="651"><subfield code="a">Grand Forks (N.D.)</subfield><subfield code="v">Newspapers.</subfield></datafield><datafield ind1=" " ind2="7" tag="651"><subfield code="a">North Dakota</subfield><subfield code="z">Grand Forks.</subfield><subfield code="2">fast</subfield><subfield code="0">(OCoLC)fst01213010</subfield></datafield><datafield ind1=" " ind2="7" tag="655"><subfield code="a">Newspapers.</subfield><subfield code="2">fast</subfield><subfield code="0">(OCoLC)fst01423814</subfield></datafield><datafield ind1=" " ind2=" " tag="752"><subfield code="a">United States</subfield><subfield code="b">North Dakota</subfield><subfield code="c">Grand Forks</subfield><subfield code="d">Grand Forks.</subfield></datafield><datafield ind1="1" ind2=" " tag="775"><subfield code="t">Grand Forks daily herald (Grand Forks, N.D. : 1891)</subfield><subfield code="w">(DLC)sn 85042329</subfield><subfield code="w">(OCoLC)12165939</subfield></datafield><datafield ind1="1" ind2=" " tag="775"><subfield code="t">Weekly times-herald (Grand Forks, N.D.)</subfield><subfield code="w">(DLC)sn 89074400</subfield><subfield code="w">(OCoLC)20697460</subfield></datafield><datafield ind1="0" ind2="8" tag="776"><subfield code="i">Online version:</subfield><subfield code="t">Grand Forks daily herald and the evening times</subfield><subfield code="x">2379-1179</subfield><subfield code="w">(DLC)  2015218758</subfield><subfield code="w">(OCoLC)908835193</subfield></datafield><datafield ind1="0" ind2="4" tag="780"><subfield code="t">Evening times (Grand Forks, N.D.)</subfield><subfield code="x">2379-1144</subfield><subfield code="w">(DLC)sn 85042373</subfield><subfield code="w">(OCoLC)12288982</subfield></datafield><datafield ind1="0" ind2="4" tag="780"><subfield code="t">Grand Forks daily herald (Grand Forks, N.D. : 1891)</subfield><subfield code="w">(DLC)sn 85042329</subfield><subfield code="w">(OCoLC)12165939</subfield></datafield><datafield ind1="0" ind2="0" tag="785"><subfield code="t">Grand Forks daily herald (Grand Forks, N.D. : 1914)</subfield><subfield code="x">2379-1187</subfield><subfield code="w">(DLC)sn 89074405</subfield><subfield code="w">(OCoLC)20697161</subfield></datafield><datafield ind1="4" ind2="1" tag="856"><subfield code="u">http://www.loc.gov/chroniclingamerica/lccn/sn89074404/issues</subfield></datafield></record>